% This file was created with JabRef 2.10.
% Encoding: Cp1252


@Electronic{pip,
  Title                    = {The PyPA recommended tool for installing Python packages.},
  Author                   = {Donald Stufft, Marcus Smith, Jannis Leidel, Carl Meyer, and others},
  Month                    = {october},
  Url                      = {https://pypi.python.org/pypi/pip},
  Year                     = {2008},

  Abstract                 = {Pip is a modern, general purpose installation tool for python packages. Most often it is useful to install it in your system python.},
  Owner                    = {Eric},
  Timestamp                = {2015.07.03}
}

@Article{LDA,
  Title                    = {The Use of Multiple Measurements in Taxonomic Problems},
  Author                   = {Fisher, R. A.},
  Journal                  = {Annals of Eugenics},
  Year                     = {1936},
  Number                   = {7},
  Pages                    = {179--188},
  Volume                   = {7},

  Keywords                 = {classic, classification, linear-classification, linear-discriminant-analysis}
}

@Article{biom,
  Title                    = {The Biological Observation Matrix (BIOM) format or: how I learned to stop worrying and love the ome-ome},
  Author                   = {McDonald, Daniel and Clemente, Jose C and Kuczynski, Justin and Rideout, Jai Ram and Stombaugh, Jesse and Wendel, Doug and Wilke, Andreas and Huse, Susan and Hufnagle, John and Meyer, Folker and others},
  Journal                  = {GigaScience},
  Year                     = {2012},
  Number                   = {1},
  Pages                    = {7},
  Volume                   = {1},

  File                     = {:pdf\\biom.pdf:PDF},
  Owner                    = {Eric},
  Publisher                = {BioMed Central Ltd},
  Timestamp                = {2015.03.20}
}

@Article{fasta,
  Title                    = {Improved tools for biological sequence comparison},
  Author                   = {Pearson, William R and Lipman, David J},
  Journal                  = {Proceedings of the National Academy of Sciences},
  Year                     = {1988},
  Number                   = {8},
  Pages                    = {2444--2448},
  Volume                   = {85},

  Owner                    = {Saishin},
  Publisher                = {National Acad Sciences},
  Timestamp                = {2015.07.16}
}

@Article{virtualbox,
  Title                    = {Virtualbox: bits and bytes masquerading as machines},
  Author                   = {Watson, Jon},
  Journal                  = {Linux Journal},
  Year                     = {2008},
  Number                   = {166},
  Pages                    = {1},
  Volume                   = {2008},

  Owner                    = {Eric},
  Publisher                = {Belltown Media},
  Timestamp                = {2015.08.07}
}

